2663 3544
1187 309 1536 355 -thl—

396 444 583 492 comitio·
614 452 662 492 et
698 445 797 490 foro
837 420 1049 489 derivata.
1086 456 1191 489 esse
1233 441 1331 503 ipsa
1364 440 1648 506 Curculioniis
1680 447 1883 489 extrema
1915 442 2057 488 verba
2096 445 2316 504 aperiunt,v
2390 505 2393 508 ῃ

398 544 549 596 neque
582 540 728 596 tamen
766 530 854 578 hac
883 531 1204 578 observatione
1239 529 1376 578 totius
1408 530 1495 576 loci
1529 528 1751 576 subtilitas
1782 529 2130 578 exhausta-eet·
2176 534 2313 581 >Serio

398 623 519 670 enim
559 622 732 668 dixerat
773 620 994 667 Curculio:
1056 632 1230 678 quaeso
1259 633 1328 664 no
1367 633 1441 664 no
1481 617 1778 689 inm-iliu,-
1815 618 1935 687 unde
1972 619 2312 672 aad-iocandum

400 711 685 774 progreditur
716 710 838 756 Luco
869 709 927 755 ita
963 716 1011 755 ut
1038 715 1086 755 et
1129 707 1372 756 inauditum
1408 706 1626 755 inrorandi
1659 709 1859 755 -verbum
1891 708 2033 767 fingat
2062 709 2125 755 ad
2151 724 2313 757 exam-
2391 739 2397 745 ·

400 800 519 863 plum
560 796 882 852 incomitiandi‚
927 805 974 844 et
1010 796 1097 844 hoc
1128 797 1211 844 sibi
1246 811 1273 843 a
1303 797 1483 843 comitio
1515 795 1828 843 deducendum
1855 797 2311 860 'placeresigniiicet

399 888 602 936 Curculio
640 899 763 942 vero,
811 887 855 932 in
888 896 1021 947 quem
1051 885 1173 932 Luco
1202 883 1511 932 inclementius
1540 884 1747 932 invectus
1771 892 1893 944 erat,·
1918 900 2008 933 non
2040 883 2099 933 de
2125 887 2311 940 comitio
2382 918 2386 922 -

398 977 638 1037 cogitarat,
685 951 772 1022 sed
806 975 865 1021 ab
901 974 1254 1021 ‘incomi’.suum
1302 971 1495 1020 finxerat
1529 971 1860 1035 incertumst)
1927 974 2072 1037 Atque
2101 975 2308 1024 adiectivi

395 1064 510 1110 illius
541 1076 660 1110 nunc
696 1077 831 1111 unum
865 1061 1045 1126 quidem
1081 1062 1381 1110 testimonium
1423 1068 1630 1124 superest
1662 1061 1782 1124 apud
1814 1061 2111 1121 macrobium,
2156 1067 2310 1127 sepul-

395 1161 539 1199 tarum
556 1166 718 1199 vocum
735 1153 1049 1200 suscitatorem
1076 1158 1338 1216 perpetuum
1355 1153 1443 1199 Sat.
1468 1152 1506 1207 l,
1526 1147 1569 1207 7,
1588 1152 1664 1200 32.
1695 1151 1789 1200 ‘Alii
1812 1165 1973 1200 cereos
1997 1166 2086 1200 non
2111 1153 2172 1201 ob
2189 1154 2308 1202 aliud

394 1242 505 1290 mitti
537 1249 694 1304 putant
726 1257 860 1304 qnam
896 1241 1020 1304 quod
1055 1241 1143 1288 boc
1180 1241 1375 1303 principe
1407 1240 1467 1287 ab
1504 1240 1664 1287 incomi
1702 1248 1749 1287 et
1779 1242 2024 1293 tenebrosa
2055 1243 2148 1290 vita
2178 1245 2309 1306 quasi

394 1331 454 1378 ad
476 1333 621 1378 lucem
653 1338 699 1378 et
735 1333 954 1378 bonarum
990 1332 1147 1377 artium
1182 1329 1410 1394 scientiam
1443 1328 1549 1376 editi
1584 1331 1762 1377 sumus'.
1818 1331 1981 1379 Paulus
2017 1339 2166 1397 autem
2191 1334 2309 1382 Festi

393 1434 530 1482 quum
564 1420 653 1466 hoc
689 1421 906 1483 praebeat
940 1436 977 1482 p.
1019 1416 1132 1467 ⁴07:
1171 1417 1472 1466 ‘incomitiare'
1491 1416 1719 1478 significat
1749 1419 1837 1466 tale
1865 1419 2115 1468 convicium
2146 1423 2309 1479 facere,

393 1509 479 1569 prb
510 1523 601 1569 quo
641 1522 831 1555 necesse
869 1511 924 1555 sit
959 1510 1001 1552 in
1034 1508 1282 1559 comitium.
1321 1507 1407 1551 hoc
1440 1513 1509 1553 est
1540 1506 1587 1551 in
1623 1515 1916 1564 conventum,
1943 1508 2115 1555 venire.
2175 1509 2308 1558 Plau-

391 1604 485 1643 tus:
529 1598 713 1651 Quaeso
745 1611 801 1642 ne
833 1611 903 1641 me
935 1597 1217 1649 incomities’,
1263 1596 1386 1655 quod
1420 1609 1518 1639 mea
1552 1596 1732 1654 quidem
1769 1598 1990 1641 sententia
2020 1597 2078 1643 ad
2115 1599 2309 1646 Luconis

392 1691 562 1733 tantum
605 1685 747 1732 verba
793 1684 855 1746 (v.
891 1684 1006 1744 401)
1039 1684 1254 1745 quadrat,
1299 1684 1568 1744 interpretes
1612 1685 1655 1729 in
1686 1700 1745 1730 eo
1782 1688 2124 1743 acquieverunt,
2169 1691 2307 1734 moris

392 1772 579 1821 Plautini
603 1773 647 1820 in
670 1772 800 1821 dictis
823 1773 1043 1832 ambiguis
1073 1787 1230 1833 parum
1261 1771 1509 1831 diligentes.
1575 1773 1765 1819 Glossae
1801 1774 2001 1820 nimirum
2037 1775 2151 1822 illius
2182 1778 2308 1836 quis-

395 1863 496 1924 quis
532 1868 689 1909 auctor
728 1869 820 1917 est,
866 1861 1039 1909 videtur
1071 1874 1128 1908 ex
1165 1874 1253 1908 uno
1287 1860 1425 1908 Plauti
1459 1860 1582 1917 loco,
1628 1875 1718 1908 non
1753 1861 1862 1909 satis
1895 1862 2137 1919 intellecto,
2179 1880 2305 1911 suam

394 1951 809 2013 interpretationem
839 1951 1149 1997 concinnasse.
1210 1950 1480 2010 Sagaciores
1514 1963 1565 1996 se
1590 1950 1908 2010 praestiterunt
1930 1950 2060 1998 iidem
2085 1943 2307 2014 interpre-

392 2047 465 2086 tes
497 2039 543 2086 in
576 2042 718 2086 altero
754 2039 1227 2099 verboexplanando,
1259 2052 1350 2099 quo
1381 2038 1439 2084 ad
1473 2038 1729 2099 perforandi
1763 2039 2007 2085 obscenam
2038 2046 2306 2100 potestatem

396 2128 600 2175 allusisse
636 2135 812 2189 poetam
845 2128 928 2173 sibi
966 2134 1297 2188 persuaserunt,
1330 2139 1583 2187 quanquam
1615 2132 1661 2171 et
1695 2125 1825 2173 huius
1849 2141 1958 2173 usus
1983 2110 2145 2174 nullum
2168 2143 2304 2189 prae-

399 2222 521 2261 terea
553 2216 806 2277 exemplum
839 2223 984 2270 extat,
1031 2230 1176 2275 neque
1209 2215 1394 2261 feliciter
1423 2215 1740 2260 Taubmannus
1776 2220 1908 2261 versu
1944 2215 2052 2262 Rud.
2082 2217 2139 2269 11,
2187 2216 2236 2272 4,
2272 2220 2302 2263 5

403 2301 555 2362 (4⁴8),
585 2317 715 2363 quem
751 2304 990 2349 Palmerius
1019 2305 1078 2348 ita
1112 2303 1360 2349 constituit:
1415 2303 1530 2346 Ile-⁸
1556 2306 1613 2345 ut
1638 2301 1884 2361 affectam.-
1923 2278 2034 2346 uam
2061 2318 2188 2350 nunc
2221 2304 2303 2350 m·-

396 2391 469 2435 1031
498 2396 592 2447 ose,
624 2407 712 2450 qua
744 2396 789 2436 to
818 2392 1055 2448 inaniens,
1091 2393 1274 2438 similem
1310 2390 1623 2455 turpitudinem
1654 2390 1895 2438 inaniendo
1929 2391 2012 2437 sibi
2044 2393 2302 2454 deprehen-

395 2478 523 2535 disse
558 2479 678 2524 visus
716 2489 792 2526 est.
864 2481 998 2526 Recte
1042 2489 1189 2527 tamen
1234 2480 1637 2525 etTaubmannus
1678 2487 1723 2524 et
1754 2480 1848 2525 Joa.
1889 2480 2013 2525 Fred.
2047 2481 2301 2528 Gronovius

395 2566 645 2613 haeserunt
676 2566 718 2610 in
752 2569 900 2614 verbis
943 2583 980 2613 v.
1020 2571 1112 2615 399
1149 2569 1233 2612 hoc
1273 2567 1403 2611 intus
1435 2566 1552 2611 mihi
1593 2565 1728 2619 Quod
1764 2566 1949 2627 insigne
1973 2567 2118 2613 habeo
2162 2570 2302 2615 inter-

397 2662 572 2716 pretum
606 2653 802 2715 opinioni
839 2656 937 2702 nihil
973 2655 1091 2703 aliud
1124 2670 1247 2711 esse,
1298 2670 1429 2717 quam
1464 2657 1507 2700 in
1542 2669 1632 2711 me,
1676 2655 1718 2701 in
1754 2669 1835 2702 ore
1879 2669 1982 2702 mco
2023 2659 2181 2704 merito
2214 2657 2301 2704 dis-

396 2742 478 2791 fisi.
542 2744 667 2791 Intus
699 2743 817 2791 enim
852 2743 1111 2793 adverbium
1147 2760 1234 2792 non
1270 2732 1397 2792 aliter
1433 2752 1686 2806 usurpatur,
1730 2746 1810 2792 nisi
1845 2753 1892 2791 ut
1924 2747 2161 2792 extrave!
2192 2748 2300 2794 foris

396 2833 668 2895 cogitatione
714 2832 873 2879 saltem
916 2835 1104 2895 suppleri
1150 2835 1303 2897 possit.
1371 2834 1573 2881 Curculio
1619 2834 1768 2894 igitur,
1813 2835 1887 2896 qui
1919 2834 2092 2882 militis
2116 2834 2300 2895 gloriosi

532 3064 566 3099 ⁰)
614 3070 648 3097 ld
672 3070 757 3104 quod
784 3066 979 3099 suboluisse
1005 3066 1069 3097 inm
1085 3070 1122 3098 Β.
1140 3070 1180 3099 Ι.
1197 3069 1403 3101 scaniensi-o
1421 3072 1621 3107 (con-ent.
1637 3044 1760 3106 perpet.
1789 3068 1823 3101 in
1847 3067 1955 3101 rna-ti
1972 3071 2122 3101 comoed.
2152 3078 2183 3106 p.
2215 3065 2298 3108 ¹2¹1,

396 3131 486 3155 nne
507 3125 637 3154 demn-
659 3122 767 3156 video.
1084 3136 1087 3139 ·
1186 3137 1190 3141 ·
