2663 3544
1180 315 1498 363 -vl-

380 450 515 510 gido’,
566 458 613 497 ut
653 452 970 510 interpretatur
1004 449 1174 495 Paulus.
1197 448 1317 495 Festi
1351 463 1391 509 p.
1427 450 1487 495 58
1530 461 1678 507 neque
1723 453 1872 493 tamen
1908 462 2025 494 nunc
2059 429 2297 509 propterea

381 539 517 600 ‘quod
556 540 597 585 in
628 552 727 585 eum
773 538 919 584 omnia
966 536 1116 584 edulia
1150 538 1493 597 congeruntur'‚
1540 535 1623 582 sed
1656 535 1807 596 potius
1843 525 2115 597 hydropico)
2159 542 2299 597 aequo

382 628 532 674 oculis
571 626 753 672 lior-bois
799 624 978 687 (quales
1010 638 1116 673 esse
1150 626 1301 672 solent
1330 638 1486 672 eorum
1521 624 1594 686 qui
1628 623 1756 684 regio
1784 624 1949 671 morbo
1979 625 2076 672 aive
2116 624 2298 673 icterico

381 715 625 781 laborant),
660 693 762 760 'sed
811 716 970 762 etiams
996 713 1263 774 significanti
1297 712 1910 775 valetudinis‘descriptione
1959 726 1998 758 v.
2029 714 2125 760 236
2173 714 2295 760 Lien

382 810 544 850 enecat
582 828 643 836 —
688 804 783 847 lien
826 799 1084 847 dimanat
1128 800 1357 850 lienosum'
1391 785 1462 849 vel
1503 804 1538 848 si
1579 802 1787 848 Palinuro
1833 801 2023 847 credere
2078 803 2296 850 malumus

382 893 441 955 (v.
476 894 568 939 239
600 892 786 938 morbus
824 892 1122 953 hepatiarins)
1168 893 1465 939 iecinorosum
1501 906 1551 938 se
1593 905 1698 937 esse
1735 890 1900 951 prodit,
1928 905 2064 951 ,quos
2108 893 2296 939 morbos

379 987 588 1041 tanquam
628 987 869 1039 cognatum
917 993 1063 1039 genus
1108 980 1284 1027 Caelius
1324 981 1588 1026 Aurelianus
1632 978 1794 1025 eodem
1844 978 1942 1023 libri
1983 980 2037 1024 111
2076 980 2221 1039 eapite
2266 980 2293 1025 t

378 1068 731 1129 comprehendit.
802 1069 907 1115 Cum
944 1069 1144 1115 Plautina
1191 1070 1333 1115 morbi
1380 1067 1587 1126 diagnosi
1631 1068 1760 1127 plane
1806 1068 2017 1113 convenit
2046 1067 2203 1113 Celsus
2235 1069 2294 1114 de

375 1157 489 1204 med.
516 1158 582 1213 tv,
616 1160 670 1204 9:
709 1157 776 1203 ‘At
811 1157 940 1203 lienis
969 1156 1046 1202 ubi
1082 1157 1273 1204 affectus
1306 1163 1387 1210 est,
1420 1156 1675 1215 intumescit
1698 1182 1762 1189 —
1783 1164 1943 1201 venter
1972 1156 2169 1202 intentus
2202 1164 2293 1203 est:

375 1245 533 1306 aliquis
560 1245 694 1292 etiam
728 1244 934 1292 cruribus
963 1252 1112 1292 tumor
1141 1247 1235 1292 est'.
1292 1244 1382 1292 Sed
1413 1245 1529 1291 inter
1560 1251 1796 1304 utrumque
1828 1244 1961 1291 etiam
1995 1245 2205 1291 convenit
2235 1244 2295 1291 de

376 1334 590 1381 remedio.
653 1335 808 1394 Neque
852 1335 970 1380 enim
1017 1341 1184 1380 tantum
1215 1334 1403 1379 Palinuri
1447 1333 1703 1378 consilium:
1749 1333 1976 1377 Anu-bula.-
2025 1332 2294 1393 lionivpli-

373 1427 548 1480 mamre
576 1423 733 1469 Celsus
781 1423 1048 1483 comprobat
1082 1423 1105 1467 Ι.
1138 1404 1186 1467 1.ξ
1239 1422 1347 1467 ‘Hoc
1378 1421 1530 1467 vitium
1578 1422 1707 1482 quies
1746 1412 1894 1481 auget.
1929 1422 2077 1482 itaque
2116 1423 2295 1469 exerci-

375 1511 542 1558 tatione
579 1519 624 1557 et
655 1512 811 1558 labore
843 1526 959 1573 opus
989 1512 1082 1558 est'.
1122 1510 1204 1558 sed
1235 1510 1353 1571 apud
1389 1510 1582 1557 eundem
1617 1511 1751 1557 etiam
1782 1511 2002 1557 culturae
2030 1513 2196 1557 mentio
2221 1526 2295 1557 re-
2352 1566 2361 1579 Ι

374 1599 461 1646 dit:
510 1600 673 1648 ‘Dulcia
717 1602 865 1648 omnia
896 1594 1086 1646 'inimica
1129 1608 1243 1646 sunt.
1282 1625 1339 1633 -
1381 1598 1566 1645 Edenda
1611 1606 1715 1645 sunt
1750 1600 2021 1647 salsamenta
2060 1600 2131 1646 vel
2165 1601 2294 1647 oleae

374 1702 432 1734 ex
466 1690 606 1735 muria
650 1689 787 1745 dura'‚
837 1695 971 1751 atque
994 1689 1162 1734 ‘salium
1209 1688 1251 1732 in
1300 1686 1533 1734 medendis
1569 1686 1637 1734 his
1674 1687 1844 1736 morbis
1890 1702 2018 1735 usum
2052 1695 2099 1736 et
2131 1688 2294 1736 Plinius

377 1793 418 1823 n.
443 1778 484 1823 h.
510 1778 649 1823 etalii
683 1778 841 1822 medici
875 1777 1042 1837 antiqui
1078 1784 1397 1823 contestantur.
1442 1777 1546 1822 Plin.
1583 1791 1621 1822 n.
1658 1776 1696 1821 h.
1730 1778 1803 1831 31,
1848 1779 1937 1824 103
1963 1777 2137 1823 ‘Morbo
2169 1779 2293 1836 regio

378 1866 628 1912 laborantis
676 1891 733 1899 --
777 1873 932 1910 contra
978 1867 1172 1924 pruritus
1222 1879 1337 1924 quos
1383 1865 1579 1910 sentiunt
1624 1890 1685 1899 —
1729 1866 1850 1910 iuvat
1881 1864 2016 1927 (sal)'.
2084 1867 2292 1921 32401.

378 1955 554 1999 ‘morbo
587 1955 712 2010 regio
748 1954 994 2012 (medetur)
1027 1955 1343 1998 salsamentum
1378 1967 1477 1998 cum
1510 1953 1663 2013 pipere
1695 1954 1753 1998 ita
1780 1963 1826 1998 ut-
1859 1955 2023 2013 reliqua
2049 1968 2185 1999 carne
2208 1956 2293 2000 ab-

377 2041 619 2088 stineatur’.
687 2041 856 2087 Pariter
893 2042 1088 2088 Galenus
1127 2049 1172 2086 et
1208 2040 1469 2087 Scribonius
1501 2042 1675 2100 Largus
1707 2041 1891 2087 lienosis
1925 2041 2122 2087 remedia
2158 2056 2293 2101 prae-

381 2129 579 2175 scribunt
609 2140 666 2175 ex
701 2130 977 2176 ammoniaco
1010 2137 1055 2175 et
1088 2129 1349 2189 aphronitro
1387 2137 1656 2189 comparata.
1727 2129 1844 2183 Quid
1876 2129 2000 2189 quod
2034 2130 2131 2190 ipse
2160 2130 2293 2176 Plau·-

383 2226 453 2264 tus
494 2202 656 2265 fabuta'
678 2233 766 2264 non
804 2215 1042 2280 superstite
1072 2218 1262 2265 eandem
1298 2218 1559 2264 medicinam
1595 2219 1795 2280 apertius
1829 2225 1964 2278 atque
1996 2226 2154 2265 nostro
2190 2220 2291 2266 loco

385 2309 703 2367 pronunciasse
749 2309 1003 2354 credendus
1040 2317 1110 2354 est
1154 2316 1337 2368 propter
1363 2323 1548 2354 ,versum
1584 2310 1740 2353 Sereni
1777 2308 2043 2353 Sammonici
2081 2308 2138 2353 de
2174 2309 2289 2354 med.

385 2409 532 2455 praec.
564 2397 639 2441 sal.
665 2412 703 2442 .c.
740 2400 815 2451 23,
854 2396 969 2443 429:
1007 2398 1183 2451 ‘Dulcia,
1220 2398 1397 2443 Plautus
1430 2389 1501 2451 ait,
1538 2397 1697 2457 grandi
1736 2396 1882 2442 minus
1915 2404 2019 2456 apta
2052 2397 2178 2451 lieni',
2214 2399 2288 2458 qui

381 2484 645 2544 fragmentis
666 2485 799 2530 Plauti
837 2486 1074 2532 addendus
1105 2494 1185 2532 est.
1250 2480 1412 2532 Salium
1445 2487 1577 2546 igitur
1609 2487 1652 2530 in
1684 2486 1798 2531 liene
1830 2485 2034 2531 sanando
2059 2500 2167 2532 usus
2190 2487 2290 2532 vul-

382 2574 641 2634 gatissimus
666 2573 864 2620 Palinuro
900 2590 983 2635 pro
1018 2575 1305 2621 fundamento
1341 2577 1427 2629 fuit,
1462 2577 1530 2621 cui
1564 2576 1602 2620 is
1631 2574 1841 2620 acerbam
1876 2575 2153 2634 aegrotantis
2181 2575 2290 2620 inri-

384 2665 554 2710 sionem
588 2670 926 2722 superstrueret.
991 2666 1100 2710 Hinc
1133 2666 1248 2709 enim
1297 2665 1501 2710 intestina
1546 2664 1720 2709 lenonis
1766 2671 1952 2724 propter
1992 2663 2287 2710 valetudinem

385 2751 668 2797 salsamentis
715 2748 843 2809 plena
893 2766 987 2796 cum
1033 2753 1245 2798 carnibus
1289 2766 1575 2812 comparans,
1624 2766 1741 2813 quae
1784 2753 1957 2797 salsura
1991 2765 2017 2798 a
2055 2752 2288 2812 putredine

385 2839 561 2885 defendi
598 2840 756 2892 solent,
798 2838 923 2900 (Plin.
963 2854 999 2883 n.
1032 2841 1069 2884 h.
1108 2843 1263 2896 34,98.
1315 2842 1429 2887 Salis
1462 2849 1616 2888 natura
1656 2866 1717 2874 -—
1755 2854 1946 2902 corpora
1983 2867 2045 2874 —-
2077 2840 2287 2888 defuncta

387 2930 518 2974 etiam
551 2942 575 2974 a
614 2927 899 2989 putrescendi
938 2928 1042 2973 tabo
1088 2930 1316 2977 vindicans
1350 2936 1396 2976 ut
1438 2929 1599 2977 durent
1632 2930 1691 2976 ita
1727 2945 1806 2996 per
1838 2928 2001 2977 secula.
2066 2930 2193 3005 Ceus.
2228 2929 2286 2975 de

388 3017 443 3063 d„
467 3032 506 3061 n.
544 3018 840 3063 Alexandriae
875 3018 990 3061 inter
1020 3030 1101 3063 eos
1133 3020 1205 3078 qui
1237 3028 1437 3066 mortuos
1469 3022 1642 3067 sallunt.
1703 3021 1755 3066 cf.
1791 3021 1893 3066 Plin.
1928 3035 1968 3066 n.
2005 3020 2044 3065 h.
2081 3022 2157 3074 tt,
2195 3017 2283 3065 tat

386 3106 611 3165 Aegyptii,
654 3107 816 3165 quibus
856 3120 956 3151 mos
996 3113 1068 3150 est
1103 3107 1323 3154 cadavera
1369 3108 1614 3154 adservare
1656 3107 1895 3171 medicata)
1932 3115 1978 3155 ut
2013 3108 2141 3154 simul
2174 3120 2286 3151 con-
2364 3134 2367 3137 -
