2663 3544
523 1193 771 1268 Plautinae
813 1215 989 1264 fabulae
1022 1230 1080 1262 ex
1115 1229 1205 1277 quo
1248 1222 1404 1262 nostra
1446 1215 1663 1263 memoria
1708 1230 1733 1262 a
1778 1215 2005 1265 Friderieo
2047 1216 2289 1265 Bitschelio

378 1310 569 1371 primum
603 1307 824 1367 genuinae
859 1307 1030 1352 formae
1060 1306 1227 1352 restitui
1264 1292 1457 1365 coeptae
1487 1311 1615 1360 sunt,
1650 1303 2011 1352 nondefnerunt
2041 1305 2117 1366 qui
2154 1320 2289 1367 prae·

377 1401 499 1447 claro
535 1397 648 1443 iilius
680 1394 891 1456 exemplo
926 1394 1129 1449 excitati,·
1150 1401 1196 1440 et
1230 1394 1428 1454 singulas
1460 1394 1628 1454 antiqui
1662 1394 1886 1442 sermonis
1917 1394 2127 1456 reliquias
2148 1409 2289 1445 ,mcu-

376 1495 587 1548 perat-ent
633 1494 680 1532 et
703 1500 830 1533 usum
868 1481 1077 1544 loquendi
1114 1489 1274 1543 poetae
1306 1482 1464 1530 comici
1499 1482 1822 1550 perquirerent,
1851 1490 1898 1530 et
1926 1484 2053 1545 leges
2076 1484 2286 1532 metricas

377 1577 541 1640 quibus
584 1574 701 1622 idem
740 1586 849 1620 usus
888 1572 1041 1626 fuerit,
1088 1570 1246 1629 sedulo
1293 1572 1579 1627 rimarentur,
1625 1586 1815 1634 quorum
1842 1572 2094 1620 coniuncta
2140 1586 2282 1634 opera

373 1663 589 1714 effectum
608 1663 659 1709 iri
684 1660 957 1724 sperandum
980 1666 1063 1715 est,
1088 1664 1137 1705 ut
1156 1658 1370 1720 quidquid
1396 1666 1535 1706 restat
1556 1661 1882 1707 emendationis
1902 1662 2128 1709 Plauti-nae
2150 1662 2281 1709 habi—

374 1761 521 1802 turum
545 1752 602 1798 sit
633 1750 875 1811 aliquando
909 1762 1000 1810 quo
1033 1748 1169 1793 tutius
1199 1748 1381 1800 nitatur,
1419 1761 1566 1807 eoque
1598 1749 1696 1800 splo
1720 1751 2114 1795 nominet’ortasse
2137 1752 2280 1797 minus

374 1841 629 1893 dolendum,
648 1838 771 1900 quod
796 1851 878 1899 per
898 1837 990 1884 duo
1014 1837 1165 1890 lustra,
1191 1837 1226 1882 si
1252 1842 1453 1882 veterum
1477 1838 1788 1883 Romanorum.
1803 1834 2030 1898 sequimur
2053 1841 2282 1894 rationem,

372 1931 569 1990 suscepti
594 1920 747 1989 operis
769 1926 1160 1979 continuationem,
1191 1926 1387 1971 omnium
1411 1925 1528 1969 votis
1550 1926 1806 1984 expetitam,
1837 1928 2133 1975 intermissam
2157 1929 2280 1975 vide·

374 2033 484 2064 mus.
553 2017 812 2077 Interpretis
855 2023 1001 2062 autem
1023 2021 1226 2075 partes,
1273 2028 1392 2075 quae
1430 2014 1532 2060 iicet
1575 2013 1634 2066 ab
1661 2011 1828 2061 ..officio
1859 2014 2020 2063 critico.
2049 2017 2179 2078 plane
2209 2017 2280 2063 di-

373 2105 476 2151 veiii
500 2112 735 2166 nequeant,
767 2112 915 2150 tamen
941 2105 1167 2164 proprium
1201 2103 1286 2149 sibi
1314 2117 1519 2164 campum
1544 2104 1784 2164 requirunt,
1817 2103 1854 2150 si
1879 2120 2015 2153 unum
2037 2108 2281 2155 alterumve

355 2194 632 2255 exceperis,
672 2195 747 2255 qui
788 2207 868 2254 per
906 2193 1282 2254 opportunitatem
1331 2193 1429 2239 sive
1470 2194 1785 2239 necessitatem
1828 2195 2024 2242 criticam
2065 2196 2122 2242 ad
2163 2196 2282 2243 hanc

376 2285 650 2344 provinciam
683 2282 860 2327 delatus
894 2283 971 2335 sit,
1021 2297 1163 2342 paene
1206 2282 1416 2333 desertae
1451 2284 1617 2336 iacent,
1651 2292 1707 2329 ,ιιι
1738 2285 1776 2330 si
1806 2284 1909 2344 quis
1941 2291 2013 2330 ant
2040 2285 2176 2330 animi
2208 2299 2282 2331 re-

358 2371 579 2424 ‚mittendi
598 2371 759 2429 gratia,
791 2378 868 2415 aut
899 2371 1133 2415 solidioris
1152 2370 1386 2416 doctrinae
1415 2386 1565 2425 cansa,
1595 2374 1866 2419 festivissimi
1896 2380 2057 2430 poetae
2089 2380 2279 2418 mentem

372 2460 554 2520 assequi
601 2474 791 2519 cumque
815 2458 912 2505 aliis
934 2460 1261 2505 communicare
1297 2460 1496 2515 voluerit,
1531 2461 1790 2522 pierumque
1819 2459 1949 2515 seed
1974 2461 2211 2509 Lambinus
2231 2468 2276 2507 et

373 2549 695 2595 Taubmannos
726 2547 938 2594 reiectum
961 2549 1144 2612 sentiat,
1181 2563 1372 2610 quorum
1408 2549 1821 2597 animadversiones
1844 2562 1994 2610 neque
2015 2563 2114 2597 cum
2136 2550 2276 2596 forme

370 2637 524 2692 Phuni,
548 2637 694 2699 quatis
718 2637 889 2683 interim
914 2637 1070 2691 evasit,
1109 2650 1288 2699 semper
1318 2639 1602 2694 conveniunt,
1634 2650 1777 2697 neque
1801 2651 1908 2684 raro
1930 2652 2020 2685 non
2044 2636 2275 2693 sufficiunt,

371 2728 584 2788 quoniam
628 2726 686 2773 illi
723 2724 859 2771 modo
892 2740 1073 2772 sensum
1109 2742 1234 2774 suum
1268 2742 1401 2788 quam
1451 2726 1718 2787 antiquitatis
1761 2733 2095 2789 praeoptamnt,
2135 2727 2275 2774 nodo

372 2815 561 2863 aliorum
596 2814 832 2878 opiniones
866 2829 1135 2875 congerere,
1180 2832 1313 2879 quam
1360 2818 1538 2880 proprio
1570 2814 1715 2863 Marte
1747 2817 1973 2864 veritatem
2004 2827 2274 2876 expugnare

370 2905 634 2959 mainerum,
662 2903 785 2966 quod
815 2911 906 2950 non
937 2912 1028 2951 tam
1064 2903 1264 2966 ipsorum
1294 2907 1454 2959 vitium,
1485 2896 1622 2966 quam
1656 2914 1900 2967 temporum
1930 2905 2086 2963 fuerit„
2106 2905 2275 2966 quippe

370 2996 647 3058 antiquitatis
676 2994 1019 3053 investigatione
1054 3002 1098 3041 et
1129 3003 1301 3042 certam
1336 2997 1450 3041 viam
1482 2994 1770 3043 desiderante
1800 3000 1845 3040 et
1871 2992 2152 3045 adminiculis
2173 2995 2274 3056 qui·-

368 3084 576 3140 husdnm,
611 3084 781 3145 quibua
809 3097 926 3130 nunc
955 3060 1200 3139 adiuvatur,
1233 3086 1459 3131 etiamtum
1490 3083 1731 3132 destitui-a.v
1775 3083 1908 3132 Cuius
1942 3083 2006 3131 rei
2039 3084 2272 3131 veritatem

1905 3170 1942 3205 ι.
