2663 3544
1168 290 1486 359 -1v'-

368 461 467 492 cum
507 447 761 506 aliquoties,
804 452 894 490 tum
931 458 1075 504 nuper
1108 446 1517 503 persentiebamus,
1563 457 1663 489 cnm
1698 444 2006 490 Curculionem
2039 446 2283 493 plautinam

368 535 539 583 scholis
575 535 761 596 publicis
792 534 1209 593 interpretabamur.
1278 533 1577 588 Quamobrem
1610 526 1917 580 anniversaria
1940 534 2026 580 bac
2050 537 2285 594 praefandi

299 680 306 685 ‚
370 632 594 685 potestate
636 623 740 671 data
787 624 928 671 visum
974 631 1047 670 est
1087 623 1266 669 fabulae
1309 624 1425 671 illius
1471 623 1638 681 aliquot
1678 623 1815 668 locos·
1848 624 2072 681 proferre,
2118 627 2285 684 quibus

371 701 890 775 priorum-interpretum
920 704 1055 758 curae
1092 711 1351 759 satisfacere
1382 725 1471 757 non
1502 707 1781 765 videbantur,
1816 717 1862 757 ut
1891 718 2115 771 quatenus
2148 714 2284 762 nobis

370 799 606 862 contigerit
633 797 905 845 felicioribus
926 812 1044 847 -esse
1078 797 1352 846 eruditorum
1390 795 1551 844 iudicio
1583 795 1890 846 edoceremur.

416 864 421 872 Ι
505 885 758 934 Primarium
800 891 949 933 autem
995 884 1124 934 buius
1170 893 1332 948 poetae
1376 885 1629 948 interpretis
1677 883 1870 934 officium
1912 885 2032 935 baud
2078 888 2173 936 scio
2223 903 2281 937 an

370 977 413 1023 in
445 991 501 1023 eo
539 974 729 1038 positum
765 990 870 1023 esse
901 973 1092 1031 debeat,
1141 982 1183 1022 ut
1216 975 1362 1022 omnia
1396 974 1549 1022 comici
1580 975 1761 1035 generis
1802 975 2118 1031 instrumenta,
2162 992 2282 1039 quae

372 1068 485 1115 risus
527 1065 707 1128 petendi
750 1079 888 1113 eausa
934 1064 1136 1113 adbiberi
1183 1066 1348 1119 solent,
1397 1071 1442 1111 et
1473 1061 1775 1112 observentur
1802 1071 1848 1112 et
1878 1064 2184 1113 illustrentur(
2233 1067 2283 1113 In

369 1157 530 1216 quibus
564 1170 653 1201 non
690 1156 886 1201 ultimum
920 1155 1254 1201 locumtenent
1287 1154 1400 1200 dicta
1438 1152 1667 1211 ambigua,
1716 1154 1786 1198 vel
1822 1165 1902 1213 per
1941 1154 2282 1201 translationem

370 1229 602 1306 usurpata,
630 1245 700 1289 vel
731 1244 1024 1305 hyperbolice
1058 1251 1104 1289 et
1136 1243 1301 1289 ironice
1338 1242 1522 1302 prolata,
1557 1242 1705 1303 qualia
1737 1254 1863 1287 more
1887 1255 1971 1287 suo
1994 1234 2177 1291 Plautus
2201 1259 2284 1306 per

369 1335 485 1380 banc
520 1347 703 1394 qnoque
738 1333 934 1379 fabulam
980 1333 1103 1391 larga
1146 1346 1275 1376 manu
1320 1330 1638 1376 disseminavit„
1699 1331 1746 1376 In
1788 1331 1857 1379 his
1894 1334 2012 1390 enim
2056 1349 2192 1394 quum
2222 1348 2284 1381 eo

368 1424 557 1469 consilio
591 1430 926 1482 comparentur,
972 1429 1018 1466 ut
1048 1421 1268 1480 decipiant
1297 1421 1682 1479 expectationem,
1727 1434 1874 1480 eoque
1908 1422 2139 1467 hilaritatis
2174 1432 2282 1469 sen-

370 1525 468 1557 sum
497 1512 719 1565 excitent,
767 1512 1223 1573 consentaneumest
1254 1509 1387 1553 multa
1418 1506 1659 1568 significari
1691 1509 1930 1555 obscurius
1958 1507 2093 1570 quam
2126 1519 2283 1572 aperte

368 1599 610 1653 declarari,
660 1606 707 1643 et
748 1595 946 1643 novandi
992 1596 1212 1641 licentiam
1247 1604 1292 1642 et
1321 1596 1519 1655 fingendi
1567 1597 1816 1643 libertatem
1862 1612 2129 1645 concessam
2163 1615 2282 1654 esse.

369 1688 533 1749 quibus
555 1687 713 1734 comici
737 1686 959 1734 sermonis
982 1687 1221 1733 virtutibus
1253 1699 1343 1744 quo
1366 1686 1528 1733 clarius
1551 1687 1797 1733 Plautinum
1821 1687 2044 1744 ingenium
2067 1690 2284 1748 exsplen-

370 1776 539 1829 descit,
572 1790 629 1822 eo
661 1777 806 1834 magis
842 1776 1129 1834 interpretem
1164 1773 1295 1819 decet
1333 1773 1391 1820 ad
1425 1775 1537 1821 haec
1578 1774 1810 1821 attendere
1844 1782 1979 1834 atque
2012 1777 2055 1821 in
2087 1778 2140 1823 iis
2169 1792 2285 1838 ope—

375 1881 469 1914 ram
500 1864 745 1918 collocare,
788 1876 905 1923 quae
937 1861 1134 1921 linguae,
1174 1863 1513 1916 sententiarum,
1552 1876 1812 1922 morumque
1844 1861 2100 1911 discrimine
2133 1872 2284 1913 tanto-

373 1966 483 2015 pere
525 1967 551 2001 a
599 1958 751 2000 nostra
797 1950 1042 2010 cogitandi,
1086 1950 1261 1998 dicendi
1306 1949 1576 2010 vivendique
1620 1950 1791 1997 ratione
1831 1951 2057 1999 recedunt.
2130 1953 2284 2014 ltaque

372 2043 559 2103 primum
593 2041 801 2099 ambigue
836 2039 1054 2085 dictorum
1091 2039 1133 2082 in
1169 2038 1429 2084 Curculione
1453 2039 1627 2085 'seriem
1660 2038 1993 2099 pei-lustremus.

502 2109 648 2191 Atque
687 2141 724 2175 v.
768 2129 828 2174 30
865 2141 929 2188 sq.
967 2126 1219 2189 (Fleckeis.)
1255 2131 1418 2171 maio
1446 2140 1507 2170 no
1538 2125 1608 2171 aie
1640 2125 1935 2186 sumtuum.
2006 2127 2114 2173 Ρη.
2159 2129 2287 2184 outa

375 2217 494 2261 istuc
527 2222 600 2262 eat
627 2215 791 2261 verbi?
838 2216 939 2261 PA.
972 2241 1034 2249 --
1074 2216 1208 2270 Quod
1238 2229 1371 2260 amaa
1408 2220 1562 2260 amato
1604 2214 1799 2260 testibus
1836 2217 2178 2275 praesentibus·
2207 2217 2302 2280 (οἵ

379 2320 418 2349 v.
455 2305 546 2349 622
586 2306 837 2349 intestatae
869 2305 1029 2365 vivito)
1070 2306 1316 2351 obscenum
1359 2305 1503 2350 iocum
1549 2305 1740 2351 subesse
1791 2305 2111 2364 interpretibus
2150 2307 2283 2352 intel-

374 2394 536 2438 lectum
563 2401 633 2437 est
658 2394 992 2438 conferentibus
1023 2393 1104 2437 Mil.
1142 2395 1196 2451 gl.
1233 2409 1270 2436 v.
1314 2393 1435 2438 14⁴5
1473 2385 1539 2436 Ee
1572 2393 1616 2436 σι’
1650 2408 1747 2438 non
1778 2392 1890 2435 abeo
1919 2392 2183 2438 intestatus.
2240 2409 2294 2445 v..

381 2479 505 2527 ⁴426
558 2479 665 2524 PE.
713 2480 765 2534 Si
790 2482 990 2540 posthac
1029 2482 1318 2539 prehendero
1365 2496 1446 2539 eqo
1493 2487 1537 2526 te
1579 2482 1682 2537 1⁸:⁶0,
1732 2479 1962 2538 separabo
1997 2496 2027 2524 a
2064 2482 2288 2538 testibus&

374 2582 522 2629 neque
564 2567 750 2613 eosdem
780 2585 817 2613 V.
851 2569 904 2615 tt
946 2570 1111 2629 duplex
1153 2578 1354 2629 potestas
1399 2572 1522 2616 verbi
1568 2569 1813 2628 obloquere
1852 2575 2036 2629 propter
2067 2585 2120 2615 ea
2163 2585 2280 2630 quae

376 2664 643 2718 sequuntur:
700 2655 800 2700 ΡΑ.
836 2657 944 2702 mae
981 2674 1217 2703 namne.
1284 2638 1390 2704 ΡΗ.
1428 2658 1588 2704 Etiam
1621 2654 1714 2721 [tu]
1751 2658 1911 2704 taces?
1966 2658 2067 2704 ΡΑ.
2107 2659 2284 2719 Nempe

376 2745 556 2809 obloqui
584 2760 659 2790 nte
693 2745 922 2790 inseras.
992 2747 1099 2791 PH.
1138 2748 1199 2791 Ae
1233 2762 1357 2792 nune
1389 2753 1494 2792 voto
1528 2748 1682 2806 sugere
1729 2741 1890 2808 potuit,
1940 2761 2085 2808 neque
2127 2763 2167 2792 v.
2204 2744 2281 2795 722

381 2832 458 2877 Mo
484 2833 668 2890 inferre
702 2833 869 2877 Veneri
894 2833 1005 2877 noui
1036 2835 1130 2880 im
1161 2835 1443 2880 ientaculum
1475 2836 1626 2882 similis
1659 2835 1824 2882 oraculi
1849 2834 2082 2882 Dodonaei
2106 2835 2280 2897 Pyrrho

378 2922 480 2970 editi
513 2922 792 2985 amphibolia.
850 2923 896 2970 ln
922 2923 1052 2984 paulo
1076 2923 1445 2974 antecedentibus
1469 2941 1579 2974 vero
1607 2940 1643 2972 v.
1671 2923 1743 2971 46.
1802 2926 1926 2973 Eam
1945 2926 2044 2973 volt
2061 2923 2280 2972 amb-i-

380 3009 475 3054 oon·
507 3011 695 3067 facereae
729 3009 825 3075 [ae]
859 3026 915 3056 ea
945 3025 1018 3055 ine
1048 3014 1252 3070 deperit.-
1290 3015 1392 3074 Eyo
1425 3019 1576 3059 autent
1608 3027 1711 3057 cunt
1739 3013 1824 3060 illa
1853 3015 2020 3073 facere
2039 3014 2279 3059 nolo-m·-

380 3103 521 3143 uon.
590 3098 690 3143 ΡΑ.
731 3100 858 3154 Quid
884 3099 991 3144 ita?
1061 3100 1165 3145 ΡΠ.
1203 3102 1320 3154 Quia
1347 3103 1597 3164 proprium
1639 3102 1799 3160 faciox
1847 3117 1952 3149 anto
1978 3101 2167 3163 paritor
2199 3115 2290 3146 eos
