2663 3544
1181 332 1481 381 -χ-

378 466 450 517 nis
478 478 619 522 causa
647 479 682 511 a:
710 451 893 510 meliore
923 465 1130 525 proximo
1158 466 1398 512 matutino·
1421 472 1621 527 tempore
1652 463 1780 526 (snb,
1814 460 1965 527 mane)
2001 471 2162 511 nomen
2180 470 2280 514 ac-

376 540 557 613 cepisse
585 567 710 599 suum
744 553 944 597 coniecit.
1015 553 1194 599 Poterat
1224 566 1263 598 v.
1298 553 1340 599 d.
1375 547 1888 615 hoozquoquesudere,
1924 549 2051 612 qnod
2079 551 2277 617 Noctur-
2349 585 2352 588 -

379 656 482 688 num
512 641 641 687 deum
674 641 817 685 Varro
858 640 901 683 in
931 641 1105 687 Saturis
1154 649 1373 703 perpetuo
1415 654 1582 710 uapore
1619 646 1667 687 et
1698 639 1918 685 ebriam
1947 630 2174 701 torpidum
2203 642 2283 689 ἰὴ·-

378 723 574 776 troduxit
603 727 661 789 (si
695 727 831 773 modo
866 728 1080 775 Varronis
1110 737 1225 784 sunt,
1262 744 1379 792 quae
1412 745 1490 792 ap·
1516 730 1624 789 Aug.
1658 727 1716 775 de
1737 742 1786 774 -c.
1818 727 1859 774 d.
1895 729 2057 775 fmstra
2090 732 2286 789 quaesi-'

381 818 498 865 visse
526 815 743 862 oehlerus
772 817 946 862 latetur
982 816 1362 881 p..239)‚-quod
1401 818 1802 866 eundem-‘Plautus
1830 816 1986 878 Amph.
2026 819 2062 871 l',
2104 819 2141 873 l,
2182 802 2274 865 llss

378 904 512 966 (272)
549 904 884 950 obdormivisse
925 904 1105 950 ebrium
1146 906 1271 963 dicit,
1311 907 1683 969 quemadmodum
1722 913 1878 953 nostro
1924 906 2024 952 loco
2057 905 2275 963 Curculio,

379 996 642 1041 Summanus
672 1000 952 1055 personatus,
987 993 1070 1039 uhu·
1094 993 1542 1042 abdon-ministrive
1574 993 2017 1056 tanquam-nocturni
2052 993 2124 1040 dei
2159 1009 2274 1041 con-

376 1081 653 1133 suetudinem
684 1082 902 1145 imitatus,
944 1082 1218 1144 pronunciat.
1283 1083 1380 1133 Sed
1412 1083 1479 1133 his
1511 1096 1712 1146 quoque,
1757 1089 1803 1132 ut
1832 1063 2011 1131 incertis
2040 1081 2274 1131 abstinen-

374 1172 477 1215 dum
508 1177 590 1214 est,
656 1171 826 1214 Deinde
860 1183 990 1225 vero,
1033 1177 1080 1216 ut
1112 1171 1174 1218 ad
1203 1172 1441 1220 Meursium
1472 1177 1694 1227 revertam*
1742 1185 1768 1219 a
1791 1184 1937 1218 ‚manu
1966 1170 2275 1237 summanandi

374 1259 560 1304 verbum
596 1267 833 1320 propterea
859 1273 986 1305 ⁴nunc
1014 1260 1209 1307 derivari
1243 1261 1408 1322 nequit,
1454 1259 1578 1322 quod
1609 1259 1683 1321 qui
1703 1259 1831 1307 ebrii
1870 1257 2157 1308 obdormiunt
2189 1266 2290 1308 eos·

373 1348 550 1407 quidvis
582 1348 698 1393 aliud
735 1349 881 1407 potius
913 1361 1056 1406 agere
1085 1364 1225 1409 quam·
1252 1351 1529 1404 vestimenta,
1565 1349 1660 1395 sive
1681 1358 1782 1395 “sua
1806 1349 1901 1395 sive
1932 1348 2097 1403 aliena·‚
2137 1339 2273 1395 furari

375 1450 456 1495 per
497 1450 699 1481 somnum
742 1437 888 1481 solere
926 1437 1198 1483 credendum
1241 1446 1321 1484 est.
1388 1439 1542 1498 ltaque
1588 1448 1719 1483 unum
1769 1444 2008 1498 superesse
2050 1435 2184 1484 video
2227 1444 2277 1485 ut

375 1539 658 1587 summanare
694 1525 872 1571 Plautus
905 1539 932 1570 e
972 1527 1185 1585 particula
1227 1527 1311 1572 sub
1343 1533 1389 1572 et
1419 1525 1644 1573 manando
1685 1525 2008 1586 composuerit,
2055 1526 2274 1588 simulque

374 1613 461 1659 hoc
492 1614 747 1675 novaverit,
792 1613 912 1673 quod
959 1605 1190 1661 transitiva
1223 1622 1447 1676 potestate
1486 1614 1707 1660 novicium
1737 1614 2002 1660 vocabulum
2034 1617 2279 1676 usurpavit.

373 1702 463 1747 lam
506 1700 635 1748 vides
683 1717 838 1748 rursus
882 1701 969 1749 hoc
1011 1704 1113 1749 loco
1155 1711 1327 1763 turpem
1369 1704 1514 1749 iocum
1550 1696 1703 1749 latere
1740 1703 1949 1762 qnoniam
1985 1709 2277 1751 ‘summannre

376 1790 643 1836 vestimenta
682 1803 781 1835 ‘non
826 1790 1008 1836 multum
1050 1790 1185 1836 distet
1216 1804 1243 1835 a
1278 1790 1603 1843 summeiendo‚
1647 1803 1738 1849 quo
1774 1796 1927 1834 tamen
1961 1790 2196 1837 -vocabulo
2229 1798 2278 1836 et

380 1877 596 1924 similibus
635 1876 835 1931 Plautus,
877 1883 1086 1938 tanquam
1130 1878 1302 1938 spurcis
1345 1884 1604 1925 constanter
1646 1876 1867 1924 abstinuit.
1931 1877 2057 1924 Nunc
2097 1877 2276 1929 demum

378 1965 649 2025 intelligitur,
690 1964 796 2025 quid
829 1965 912 2010 sibi
947 1966 1082 2011 velint
1117 1966 1185 2012 illa
1219 1966 1305 2012 ‘ubi
1340 1965 1592 2011 obdormivi
1619 1965 1796 2021 ebrius'‚
1832 1979 1949 2026 quae
1982 1966 2174 2026 priorum
2208 1966 2280 2012 in-

377 2061 629 2113 terpretum·
663 2054 878 2098 rationem
912 2054 949 2098 si
983 2054 1188 2113 sequaris
1220 2060 1309 2099 aut
1330 2060 1580 2113 repugnant
1623 2060 1699 2098 aut
1734 2053 1906 2112 frigent.
1969 2054 2125 2111 Neque
2159 2059 2285 2099 nunc'

379 2141 657 2186 disconvenit
678 2141 869 2185 Luconis
893 2153 1156 2199 responsum
1188 2140 1246 2185 ad
1275 2140 1392 2185 aliud
1422 2139 1657 2200 hospitium
1681 2139 1933 2198 ablegantis
1956 2139 2278 2197 Curculionem,

382 2228 454 2286 qui
489 2227 654 2274 scilicet
694 2227 913 2274 timendus
947 2228 1003 2273 sit
1035 2243 1089 2273 ne
1127 2243 1206 2288 per
1238 2227 1500 2273 ebrietatem
1529 2235 1575 2273 et
1609 2227 1831 2274 somnum«
1847 2229 2132 2282 vestimenta,
2180 2229 2278 2274 lec-

383 2321 492 2369 tum,
543 2316 786 2362 cubiculum
824 2317 1029 2375 inquinet.
1090 2318 1361 2362 Vestimenta
1396 2317 1512 2361 enim
1554 2329 1807 2377 quanquam
1838 2306 2024 2362 Plautus‘
2048 2315 2291 2377 appellare*

381 2403 498 2452 solet
534 2417 646 2463 quae
686 2403 925 2451 induuntur
959 2393 1154 2465 corpori,
1199 2413 1346 2451 tamen
1391 2407 1494 2450 nihil
1540 2406 1714 2451 videtur
1756 2404 1993 2465 impedire,
2034 2406 2299 2466 ’quominus‘
2338 2391 2341 2395 ¹

379 2490 742 2540 vestimentorum
788 2494 964 2558 nomine
1010 2496 1232 2552 stragulae
1267 2498 1418 2540 vestes
1452 2502 1496 2539 et
1532 2495 1774 2553 tegimenta
1814 2494 2024 2537 lectorum
2066 2495 2276 2554 compre-

380 2571 636 2629 hendantur
667 2579 741 2639 (cf.
774 2582 863 2640 mg.
898 2581 983 2636 34,
1022 2583 1071 2636 2,
1117 2584 1176 2630 23
1213 2582 1288 2646 (ai.
1328 2581 1424 2644 24).
1462 2585 1544 2637 50,
1591 2583 1664 2636 ⁴6,
1701 2579 1806 2640 45),
1838 2580 1956 2627 unde
1987 2580 2273 2627 additamenti

381 2668 727 2716 Fleckeiseniani
774 2665 912 2733 [mea]
958 2671 1188 2717 veritatem
1233 2671 1496 2718 addubitare
1540 2670 1697 2715 licebit.
1773 2665 1918 2715 Possit
1962 2668 2139 2729 quidem
2186 2669 2276 2715 huc

382 2758 558 2803 trahere
597 2756 758 2818 aliquis
799 2755 977 2817 choragi
1017 2759 1157 2806 verba
1193 2774 1232 2806 v.
1267 2758 1354 2806 464
1387 2759 1680 2804 ornamenta
1710 2772 1829 2818 quae
1862 2756 2011 2803 boavi
2040 2762 2191 2803 noluo
2222 2762 2282 2802 ut

377 2846 555 2905 possim
596 2845 834 2905 recipere,
884 2848 1115 2894 metuentis
1157 2848 1321 2895 scilicet
1367 2846 1541 2893 vestitui
1572 2845 1750 2893 scenico
1784 2845 2029 2893 Curculioni
2068 2838 2274 2905 praebito

386 2942 567 2994 propter
599 2936 710 2980 illius
746 2934 1073 2979 confessionem
1118 2935 1430 2996 periculosam,-
1478 2935 1557 2982 sed
1595 2933 1898 2995 sucophantas
1931 2933 2109 2980 'mentio
2139 2941 2275 2994 atque

385 3024 573 3069 annulus
606 3022 723 3068 militi
758 3029 992 3082 surreptus
1037 3014 1235 3070 sufficere
1283 3024 1488 3070 videntur
1522 3024 1578 3070 ad
1629 3037 1728 3092 euin
1764 3021 1929 3070 metum
1963 3016 2275 3076 incutiendum,

385 3110 521 3158 modo
556 3124 610 3157 ne
640 3113 738 3172 quis
771 3126 870 3159 cum
906 3111 1118 3158 Lambino
1148 3126 1206 3157 ex
1249 3111 1545 3175 halophantae
1581 3111 1874 3173 appellatione
1909 3111 2104 3158 habitum
2138 3110 2275 3155 mari-
