2663 3544
1156 287 1220 338 ..’
1286 301 1324 346 v
1388 326 1456 335 .-

347 438 467 480 αιιῑ·
494 438 570 482 ubi
605 450 631 482 a
662 434 890 496 plerisque
927 443 1051 481 recte
1085 434 1359 482 observatur
1387 435 1586 480 acumen
1608 432 1858 494 quaesitum
1890 447 1998 480 esse
2028 446 2086 479 ex
2119 448 2264 482 voca-

348 525 562 571 bulon-um<
587 524 897 585 oppositorum
920 529 1146 581 vnutrimen}
1177 529 1226 569 et
1252 521 1506 582 propriu-
1537 536 1780 579 concursu,
1830 538 1965 572 uuum
1999 521 2258 572 Laminium

339 613 479 673 (lieet
493 614 683 673 ineptire
706 614 831 661 visus
851 614 910 661 sit
928 608 1145 682 Pistor-io)
1174 608 1441 662 crediderim
1474 611 1730 662 universam
1753 611 1839 660 loci
1862 593 2130 660 seutentiam
2151 623 2261 673 per-

347 705 538 766 cepisse,
557 708 675 764 sspost
707 702 797 750 alia·
825 701 950 750 baec'
964 700 1232 757 addentem:
1266 699 1374 748 ‘Hoc
1402 698 1536 761 igitur
1567 698 1673 748 dicit
1702 698 2022 756 Phaedromus,
2049 698 2175 746 noue
2208 712 2261 747 se

347 790 434 840 hac
462 790 564 852 lege
586 788 835 837 Planesium
864 790 1068 854 accipere
1098 802 1126 836 a
1156 789 1331 844 lenone,
1362 795 1410 835 ut
1437 801 1538 835 eam
1570 789 1810 850 aliquando
1834 790 2025 838 reddere
2047 797 2259 850 cogatur:

347 878 470 942 quod
500 878 716 935 eveniret,
753 876 791 925 si
824 883 1017 927 mutuum
1051 876 1354 932 contraheret,
1387 876 1468 924 sed
1504 877 1619 922 velle
1644 877 1867 939 propriam
1888 880 2050 932 iacere,
2082 885 2129 926 ut
2153 891 2262 940 per-

348 976 498 1031 petuox
524 982 581 1015 ea
630 965 825 1028 potiatur
868 973 915 1013 et
954 955 1140 1016 fruatur’
1177 966 1202 1014 i.
1240 980 1278 1014 e.
1325 965 1441 1013 nolle
1482 979 1533 1013 se
1577 966 1829 1013 Planesium
1870 968 2117 1014 meretricis
2155 968 2260 1014 loco

347 1058 565 1119 accipere,
600 1055 682 1104 sed
712 1056 867 1104 uxoris
896 1063 1028 1119 atque
1061 1056 1120 1104 ad
1149 1070 1251 1103 eam
1287 1057 1504 1103 rationem
1523 1055 1807 1105 Boxboruius
1838 1055 2176 1124 quodammodo
2206 1071 2259 1104 se

347 1142 614 1209 applicabat,
647 1158 782 1205 quum
816 1146 875 1191 ita
909 1147 1042 1191 scribi
1073 1146 1224 1192 mallet
1259 1160 1298 1193 v,
1326 1142 1397 1192 47-
1428 1144 1532 1205 qu
1555 1149 1708 1188 auton
1729 1160 1835 1196 eunt
1853 1144 1936 1189 tuo
1964 1148 2045 1203 (sc.
2070 1145 2255 1206 lenone)

343 1236 511 1295 facore
540 1235 647 1279 nolo
678 1237 914 1291 numo-t,
945 1248 1033 1294 qua
1068 1242 1216 1293 tamen
1264 1235 1509 1281 mutatione
1545 1249 1635 1281 nou
1668 1248 1796 1294 opus.
1857 1235 1950 1281 Nisi
1993 1235 2111 1281 enim
2144 1233 2258 1281 baec

345 1324 486 1370 verba
517 1336 598 1384 per
629 1336 680 1367 se
711 1330 787 1367 aut
813 1323 1023 1383 ambigua
1060 1324 1207 1369 forent
1241 1331 1317 1368 aut
1352 1311 1650 1375 subobscura,
1686 1336 1775 1367 non
1799 1324 2099 1383 quaesivisset
2120 1325 2258 1370 mira-

344 1412 523 1457 bundus
554 1412 806 1456 Palinurus:
849 1412 975 1464 Qm‘ae
1004 1411 1110 1456 ila?
1154 1426 1247 1470 quo
1276 1413 1395 1457 sacto
1421 1410 1730 1457 Phaedromus
1758 1418 1807 1456 et
1835 1401 1969 1456 animi
2001 1394 2081 1457 sni
2102 1412 2259 1481 decla-

272 1556 289 1570 ,
344 1500 471 1547 randi
518 1507 564 1545 et
607 1499 733 1544 simul
782 1499 957 1545 iocandi
1007 1501 1385 1561 opportunitatem
1431 1499 1716 1545 nanciscitur.
1749 1524 1812 1533 -
1859 1499 1996 1546 Paulo
2040 1500 2256 1546 maionem

339 1604 527 1654 „operam
567 1590 749 1635 facessit
782 1589 910 1634 locus
951 1587 1026 1648 qui
1068 1588 1318 1643 continetur
1353 1602 1392 1633 v.
1427 1587 1521 1633 240
1567 1587 1650 1632 ΡΑ.
1688 1587 1811 1640 Quin
1847 1593 1900 1633 tu
1939 1588 2122 1647 aliquot
2150 1590 2254 1635 diu

346 1678 585 1733 Per-dura,
620 1680 731 1723 dm
761 1674 989 1722 inuectam
1024 1680 1337 1734 maereant
1370 1674 1470 1720 abt.
1538 1674 1673 1719 Nunc
1703 1676 1814 1720 dun
1846 1677 2038 1722 sabura
2067 1681 2146 1723 ad
2164 1676 2250 1722 bo-

341 1772 467 1841 nust.
502 1766 546 1811 at·
580 1766 636 1810 id
659 1765 837 1823 fecer-ia
849 1796 868 1822 ,
927 1763 1093 1809 Venire
1116 1762 1300 1823 potoria
1333 1760 1572 1809 initalia&
1602 1762 1771 1820 cilius,
1816 1779 1952 1845 quum
1985 1765 2116 1811 unius
2147 1779 2253 1827 per-

324 1839 503 1906 ,Βόηθε
517 1867 597 1900 ore
627 1853 982 1914 comprehensus
1010 1859 1058 1899 et
1087 1850 1217 1914 quasi
1249 1857 1506 1900 contractus
1539 1852 1615 1908 sit,
1649 1866 1738 1898 nou
1772 1851 1888 1898 iuter
1923 1851 2039 1899 duas
2072 1860 2119 1899 ut
2151 1855 2253 1900 reli-

342 1943 418 2003 qui
447 1941 732 1995 distributus,
771 1942 831 1988 ita
876 1948 923 1989 ut
955 1940 1055 1988 cum
1088 1941 1360 2002 loquentium
1397 1940 1570 1985 vicibus
1605 1941 1729 2003 ipsae
1766 1941 2088 1986 vocabulorum
2123 1950 2253 2005 pote-

342 2035 483 2076 states
526 2029 708 2074 varient.
784 2029 931 2075 Cardo
974 2036 1122 2076 autem
1165 2030 1228 2075 rei
1260 2030 1304 2074 in
1347 2037 1468 2075 recte
1505 2031 1781 2090 accipienda*
1804 2031 2010 2076 vocabuli
2052 2032 2247 2089 salsurae

343 2123 565 2181 potestate
600 2115 796 2170 vertitur,
830 2130 921 2177 quo
945 2117 1124 2164 Plautus
1157 2119 1314 2163 iterum
1348 2125 1396 2163 et
1432 2120 1645 2165 translate
1675 2119 1856 2179 quidem
1890 2135 2001 2168 usus
2023 2130 2091 2168 est
2112 2123 2247 2168 Stich.

342 2221 382 2253 v.
419 2208 480 2254 92
515 2205 579 2265 (l,
614 2206 664 2259 2,
701 2203 796 2266 35).
865 2205 1099 2251 Proximus
1127 2204 1184 2252 ad
1218 2207 1451 2252 veritatem
1485 2208 1676 2252 accessit
1702 2208 1982 2263 Gronovius,
2014 2211 2084 2269 qui
2120 2217 2250 2270 post-

341 2293 505 2340 habitis
542 2294 734 2353 priorum
769 2293 989 2354 editorum
1018 2296 1306 2340 commentis:
1340 2296 1479 2340 ‘Nunc
1512 2295 1629 2350 dum,
1666 2297 1817 2356 iuquit,
1850 2299 2017 2343 salsura
2052 2300 2124 2343 vel
2149 2313 2248 2345 mu-

307 2386 432 2443 ,‚ries
466 2384 774 2428 intestinorum
819 2390 1014 2435 tuorum,
1064 2398 1181 2442 quae
1225 2391 1467 2429 conservat
1517 2377 1728 2430 intestina
1762 2392 1857 2438 tua,
1905 2392 1974 2430 sat
2012 2384 2131 2432 bona
2162 2394 2243 2441 est,

341 2474 514 2529 integra
549 2479 631 2523 est,
666 2471 770 2516 facit
804 2468 1009 2525 officium,
1045 2479 1092 2518 ut
1126 2460 1323 2519 nondum
1357 2473 1503 2519 omnia
1542 2473 1748 2520 intestina
1784 2479 1854 2518 tua
1879 2475 2238 2535 computruerint.

342 2564 398 2608 Et
427 2562 485 2609 de
520 2562 609 2607 vita
642 2542 800 2619 deque*
822 2574 880 2605 eo
914 2559 1036 2619 quod
1072 2562 1165 2607 sani
1198 2569 1338 2608 restat
1369 2563 1411 2607 in
1444 2562 1664 2608 intestinis
1693 2561 1885 2620 loquitur
1913 2570 1961 2609 ut
1992 2563 2049 2610 de
2078 2563 2237 2610 muria:

341 2650 401 2697 de
438 2650 549 2711 ipsis
590 2658 637 2697 ut
674 2647 731 2694 de
776 2647 1021 2695 ‘muriaticis
1071 2649 1347 2710 loquebatur.
1430 2648 1814 2706 Quemadmodum
1856 2650 2011 2697 suibus
2050 2651 2238 2700 animam

341 2754 425 2800 pro
455 2739 548 2785 sale
584 2736 949 2785 datamdicebat
977 2736 1266 2799 Chrysippus'
1302 2736 1394 2802 [ap.
1428 2740 1512 2786 Cic.
1541 2739 1596 2783 de
1631 2735 1703 2782 fin.
1741 2739 1787 2791 V,
1835 2738 1912 2792 u,
1959 2738 2014 2784 de
2045 2752 2085 2783 n.
2118 2739 2162 2786 d.
2195 2743 2235 2797 2,

343 2825 418 2882 64,-
455 2823 582 2891 ⁴60}
649 2823 768 2871 Idem
814 2839 925 2871 vero
965 2839 1099 2886 quum
1148 2827 1405 2873 translatam
1451 2827 1650 2873 salsurae
1691 2814 1778 2873 vim
1820 2828 2017 2874 obtinere
2059 2834 2236 2884 statuat,

343 2923 539 2965 autnon
580 2913 825 2976 perspexit,
870 2928 958 2977 qua
996 2914 1264 2963 necessitate
1309 2917 1476 2965 salsura
1510 2928 1610 2961 cum
1651 2915 1824 2961 lenonis
1865 2914 2086 2962 intestinis
2111 2929 2240 2963 >con-

342 3005 488 3050 iuucta
510 2982 656 3058 ⁰esset,
688 3010 763 3049 aut
792 3002 945 3049 dicere
977 3004 1132 3049 saltem
1154 3005 1312 3051 omisit
1373 3006 1480 3050 Rem
1514 3013 1663 3051 autem
1697 3007 1753 3049 ita
1784 3016 1833 3047 se
1864 3002 2037 3049 habere
2067 3014 2239 3052 eertum

341 3098 433 3140 est:
482 3092 584 3138 leno
617 3089 883 3153 Cappadox,
927 3104 1016 3137 non
1036 3099 1038 3102 ’
1057 3092 1198 3138 solum
1226 3091 1470 3137 -conlah'vo
1502 3097 1662 3138 vena-o
1693 3093 1735 3151 (i.
1768 3104 1806 3136 e.
1846 3096 2026 3152 ‘magno
2062 3101 2108 3139 et
2138 3101 2239 3142 ,tur-
